@inproceedings{hu2021lora,
  title={{LoRA}: Low-Rank Adaptation of Large Language Models},
  author={Hu, Edward J. and Shen, Yelong and Wallis, Phillip and Allen-Zhu, Zeyuan and Li, Yuanzhi and Wang, Shean and Wang, Lu and Chen, Weizhu},
  booktitle={International Conference on Learning Representations (ICLR)},
  year={2022},
  url={https://arxiv.org/abs/2106.09685}
}

@article{liu2019roberta,
  title={{RoBERTa}: A Robustly Optimized {BERT} Pretraining Approach},
  author={Liu, Yinhan and Ott, Myle and Goyal, Naman and Du, Jingfei and Joshi, Mandar and Chen, Danqi and Levy, Omer and Lewis, Mike and Zettlemoyer, Luke and Stoyanov, Veselin},
  journal={arXiv preprint arXiv:1907.11692},
  year={2019},
  url={https://arxiv.org/abs/1907.11692}
}

@misc{peft,
  author = {{PEFT contributors}},
  title = {{PEFT}: Parameter-Efficient Fine-Tuning of Foundation Models},
  year = {2022},
  publisher = {GitHub},
  journal = {GitHub repository},
  howpublished = {\url{https://github.com/huggingface/peft}}
}

@inproceedings{wolf-etal-2020-transformers,
    title = "Transformers: State-of-the-Art Natural Language Processing",
    author = "Wolf, Thomas  and
      Debut, Lysandre  and
      Sanh, Victor  and
      Chaumond, Julien  and
      Delangue, Clement  and
      Moi, Anthony  and
      Cistac, Pierric  and
      Rault, Tim  and
      Louf, Remi  and
      Funtowicz, Morgan  and
      Davison, Joe  and
      Shleifer, Sam  and
      von Platen, Patrick  and
      Ma, Clara  and
      Jernite, Yacine  and
      Plu, Julien  and
      Xu, Canwen  and
      Le Scao, Teven  and
      Gugger, Sylvain  and
      Drame, Mariama  and
      Lhoest, Quentin  and
      Rush, Alexander M.",
    booktitle = "Proceedings of the 2020 Conference on Empirical Methods in Natural Language Processing: System Demonstrations",
    month = oct,
    year = "2020",
    address = "Online",
    publisher = "Association for Computational Linguistics",
    url = "https://www.aclweb.org/anthology/2020.emnlp-demos.6",
    pages = "38--45"
}

@inproceedings{zhang2015agnews,
  title={Character-level convolutional networks for text classification},
  author={Zhang, Xiang and Zhao, Junbo and LeCun, Yann},
  booktitle={Advances in Neural Information Processing Systems (NIPS)},
  pages={649--657},
  volume={28},
  year={2015},
  url={https://proceedings.neurips.cc/paper/2015/hash/250cf8b51c773f3f8dc8b4be867a9a02-Abstract.html}
}

@article{loshchilov2017decoupled,
  title={Decoupled Weight Decay Regularization},
  author={Loshchilov, Ilya and Hutter, Frank},
  journal={arXiv preprint arXiv:1711.05101},
  year={2017},
  url={https://arxiv.org/abs/1711.05101}
}